@techreport{nsf_ppag,
	title = {{Proposal \& Award Policies \& Procedures Guide (PAPPG)}},
	url = {https://www.nsf.gov/publications/pub_summ.jsp?ods_key=pappg},
    language = {en},
	number = {nsf22001},
	urldate = {2021-12-7},
	institution = {National Science Foundation},
	author = {National Science Foundation},
	month = dec,
	year = {2021}
}